@article{mcgill1954multivariate,
	title={Multivariate information transmission},
	author={McGill, William},
	journal={Transactions of the IRE Professional Group on Information Theory},
	volume={4},
	number={4},
	pages={93--111},
	year={1954},
	publisher={IEEE}
}
@inproceedings{huber2008entropy,
	title={On entropy approximation for Gaussian mixture random vectors},
	author={Huber, Marco F and Bailey, Tim and Durrant-Whyte, Hugh and Hanebeck, Uwe D},
	booktitle={Multisensor Fusion and Integration for Intelligent Systems, 2008. MFI 2008. IEEE International Conference on},
	pages={181--188},
	year={2008},
	organization={IEEE}
}

@inproceedings{hershey2007approximating,
	title={Approximating the Kullback Leibler divergence between Gaussian mixture models},
	author={Hershey, John R and Olsen, Peder A},
	booktitle={Acoustics, Speech and Signal Processing, 2007. ICASSP 2007. IEEE International Conference on},
	volume={4},
	pages={IV--317},
	year={2007},
	organization={IEEE}
}

@book{amari2007methods,
	title={Methods of information geometry},
	author={Amari, Shun-ichi and Nagaoka, Hiroshi},
	volume={191},
	year={2007},
	publisher={American Mathematical Soc.}
}

@article{shannon2001mathematical,
	title={A mathematical theory of communication},
	author={Shannon, Claude E},
	journal={ACM SIGMOBILE Mobile Computing and Communications Review},
	volume={5},
	number={1},
	pages={3--55},
	year={2001},
	publisher={ACM}
}
@article{cheng1983estimating,
	title={Estimating parameters in continuous univariate distributions with a shifted origin},
	author={Cheng, RCH and Amin, NAK},
	journal={Journal of the Royal Statistical Society. Series B (Methodological)},
	pages={394--403},
	year={1983},
	publisher={JSTOR}
}
@inproceedings{manyika1992information,
	title={Information as a basis for management and control in decentralized fusion architectures},
	author={Manyika, J and Durrant-Whyte, H},
	booktitle={IEEE Conference on Decision and Control (CDC)},
	year={1992}
}
@article{viola1997alignment,
	title={Alignment by maximization of mutual information},
	author={Viola, Paul and Wells III, William M},
	journal={International journal of computer vision},
	volume={24},
	number={2},
	pages={137--154},
	year={1997},
	publisher={Springer}
}
@inproceedings{olsen2003efficient,
	title={An efficient integrated gender detection scheme and time mediated averaging of gender dependent acoustic models.},
	author={Olsen, Peder A and Dharanipragada, Satya},
	booktitle={INTERSPEECH},
	year={2003}
}
@inproceedings{huo2006dtw,
	title={A DTW-based dissimilarity measure for left-to-right hidden Markov models and its application to word confusability analysis},
	author={Huo, Qiang and Li, Wei},
	booktitle={Ninth International Conference on Spoken Language Processing},
	year={2006}
}
@article{silva2006average,
	title={Average divergence distance as a statistical discrimination measure for hidden Markov models},
	author={Silva, Jorge and Narayanan, Shrikanth},
	journal={IEEE Transactions on Audio, Speech, and Language Processing},
	volume={14},
	number={3},
	pages={890--906},
	year={2006},
	publisher={IEEE}
}
@article{maz1996approximate,
	title={On approximate approximations using Gaussian kernels},
	author={Maz'ya, Vladimir and Schmidt, Gunther},
	journal={IMA Journal of Numerical Analysis},
	volume={16},
	number={1},
	pages={13--29},
	year={1996},
	publisher={Oxford University Press}
}

@article{inftheoryjaynes,
  title = {Information Theory and Statistical Mechanics},
  author = {Jaynes, E. T.},
  journal = {Phys. Rev.},
  volume = {106},
  issue = {4},
  pages = {620--630},
  numpages = {0},
  year = {1957},
  month = {May},
  publisher = {American Physical Society},
  doi = {10.1103/PhysRev.106.620},
  url = {http://link.aps.org/doi/10.1103/PhysRev.106.620}
}
@Inbook{brandeis,
author="Rosenkrantz, R. D.",
title="Brandeis Lectures (1963)",
bookTitle="E. T. Jaynes: Papers on Probability, Statistics and Statistical Physics",
year="1989",
publisher="Springer Netherlands",
address="Dordrecht",
pages="39--76",
isbn="978-94-009-6581-2",
doi="10.1007/978-94-009-6581-2_4",
url="http://dx.doi.org/10.1007/978-94-009-6581-2_4"
}

@misc{caticha2012entropic,
  title={Entropic Inference and the Foundations of Physics (monograph commissioned by the 11th Brazilian Meeting on {B}ayesian Statistics--EBEB-2012},
  author={Caticha, A},
  year={2012},
  publisher={Sao Paulo: USP Press}
}

@Inbook{Jaynes1967,
author="Jaynes, Edwin T.",
title="Foundations of Probability Theory and Statistical Mechanics",
bookTitle="Delaware Seminar in the Foundations of Physics",
year="1967",
publisher="Springer Berlin Heidelberg",
address="Berlin, Heidelberg",
pages="77--101",
isbn="978-3-642-86102-4",
doi="10.1007/978-3-642-86102-4_6",
url="http://dx.doi.org/10.1007/978-3-642-86102-4_6"
}

@Inbook{wheredowestand,
author="Rosenkrantz, R. D.",
editor="Rosenkrantz, R. D.",
title="Where Do We Stand on Maximum Entropy? (1978)",
bookTitle="E. T. Jaynes: Papers on Probability, Statistics and Statistical Physics",
year="1989",
publisher="Springer Netherlands",
address="Dordrecht",
pages="210--314",
isbn="978-94-009-6581-2",
doi="10.1007/978-94-009-6581-2_10",
url="http://dx.doi.org/10.1007/978-94-009-6581-2_10"
}

@Article{nerioptions,
author="Neri, Cassio
and Schneider, Lorenz",
title="Maximum entropy distributions inferred from option portfolios on an asset",
journal="Finance and Stochastics",
year="2012",
volume="16",
number="2",
pages="293--318",
abstract="We obtain the maximum entropy distribution for an asset from call and digital option prices. A rigorous mathematical proof of its existence and exponential form is given, which can also be applied to legitimise a formal derivation by Buchen and Kelly (J. Financ. Quant. Anal. 31:143--159, 1996). We give a simple and robust algorithm for our method and compare our results to theirs. We present numerical results which show that our approach implies very realistic volatility surfaces even when calibrating only to at-the-money options. Finally, we apply our approach to options on the S{\&}P 500 index.",
issn="1432-1122",
doi="10.1007/s00780-011-0167-7",
url="http://dx.doi.org/10.1007/s00780-011-0167-7"
}

@article{entropybuchen,
  title={The maximum entropy distribution of an asset inferred from option prices},
  author={Buchen, Peter W and Kelly, Michael},
  journal={Journal of Financial and Quantitative Analysis},
  volume={31},
  number={01},
  pages={143--159},
  year={1996},
  publisher={Cambridge Univ Press}
}

@article{giffin,
title = "Application of the maximum relative entropy method to the physics of ferromagnetic materials ",
journal = "Physica A: Statistical Mechanics and its Applications ",
volume = "455",
number = "",
pages = "11 - 26",
year = "2016",
note = "",
issn = "0378-4371",
doi = "http://dx.doi.org/10.1016/j.physa.2016.02.069",
url = "http://www.sciencedirect.com/science/article/pii/S0378437116002478",
author = "Adom Giffin and Carlo Cafaro and Sean Alan Ali",
keywords = "Entropy",
keywords = "Probability theory",
keywords = "Statistical mechanics of model systems "
}

@article{julianandpresse,
  title = {Microcanonical origin of the maximum entropy principle for open systems},
  author = {Lee, Julian and Press\'e, Steve},
  journal = {Phys. Rev. E},
  volume = {86},
  issue = {4},
  pages = {041126},
  numpages = {4},
  year = {2012},
  month = {Oct},
  publisher = {American Physical Society},
  doi = {10.1103/PhysRevE.86.041126},
  url = {http://link.aps.org/doi/10.1103/PhysRevE.86.041126}
}

@article{lee,
Author = {Julian Lee},
journal = {arxiv},
Title = {Microcanonical Origin of the Maximum Entropy Principle for Open Systems},
Year = {2012},
Eprint = {arXiv:1206.5888},
Doi = {10.1103/PhysRevE.86.041126},
}

@article{shore1980axiomatic,
  title={Axiomatic derivation of the principle of maximum entropy and the principle of minimum cross-entropy},
  author={Shore, John and Johnson, Rodney},
  journal={IEEE Transactions on information theory},
  volume={26},
  number={1},
  pages={26--37},
  year={1980},
  publisher={IEEE}
}

@Article{Gonzalez2014,
author="Gonz{\'a}lez, Diego
and Davis, Sergio
and Guti{\'e}rrez, Gonzalo",
title="Newtonian Dynamics from the Principle of Maximum Caliber",
journal="Foundations of Physics",
year="2014",
volume="44",
number="9",
pages="923--931",
abstract="The foundations of Statistical Mechanics can be recovered almost in their entirety from the principle of maximum entropy. In this work we show that its non-equilibrium generalization, the principle of maximum caliber (Jaynes, Phys Rev 106:620--630, 1957), when applied to the unknown trajectory followed by a particle, leads to Newton's second law under two quite intuitive assumptions (both the expected square displacement in one step and the spatial probability distribution of the particle are known at all times). Our derivation explicitly highlights the role of mass as an emergent measure of the fluctuations in velocity (inertia) and the origin of potential energy as a manifestation of spatial correlations. According to our findings, the application of Newton's equations is not limited to mechanical systems, and therefore could be used in modelling ecological, financial and biological systems, among others.",
issn="1572-9516",
doi="10.1007/s10701-014-9819-8",
url="http://dx.doi.org/10.1007/s10701-014-9819-8"
}

@article{maxentreview,
  title = {Principles of maximum entropy and maximum caliber in statistical physics},
  author = {Press\'e, Steve and Ghosh, Kingshuk and Lee, Julian and Dill, Ken A.},
  journal = {Rev. Mod. Phys.},
  volume = {85},
  issue = {3},
  pages = {1115--1141},
  numpages = {0},
  year = {2013},
  month = {Jul},
  publisher = {American Physical Society},
  doi = {10.1103/RevModPhys.85.1115},
  url = {http://link.aps.org/doi/10.1103/RevModPhys.85.1115}
}
@book{chandler,
  Author = {David Chandler},
  Title = {Introduction to Modern Statistical Mechanics},
  Publisher = {Oxford University Press},
  Year = {1987},
  ISBN = {0195042778},
  URL = {https://www.amazon.com/Introduction-Modern-Statistical-Mechanics-Chandler/dp/0195042778%3FSubscriptionId%3D0JYN1NVW651KCA56C102%26tag%3Dtechkie-20%26linkCode%3Dxm2%26camp%3D2025%26creative%3D165953%26creativeASIN%3D0195042778
}}

@article{cox,
author = {R. T. Cox},
title = {Probability, Frequency and Reasonable Expectation},
journal = {American Journal of Physics},
volume = {14},
number = {1},
pages = {1-13},
year = {1946},
doi = {10.1119/1.1990764},

URL = { 
        http://dx.doi.org/10.1119/1.1990764
    
},
eprint = { 
        http://dx.doi.org/10.1119/1.1990764
    
}

}

@book{landau_statphys, place={Amsterdam}, title={Statistical physics}, publisher={Elsevier}, author={Landau, L. D. and Lifshitz E. M. and Pitaevskiĭ L. P.}, year={2012}} 

@misc{effectivefieldtheory, title={Effective Field Theories}, url={https://arxiv.org/abs/hep-ph/9606222}, journal={[hep-ph/9606222] Effective Field Theories}, author={Manohar, Aneesh V.}, year={1996}, month={Jun}}

@article{qmhermitian, title={Quantum mechanics: The {B}ayesian theory generalized to the space of {H}ermitian matrices}, volume={94}, DOI={10.1103/physreva.94.042106}, number={4}, journal={Physical Review A}, author={Benavoli, Alessio and Facchini, Alessandro and Zaffalon, Marco}, year={2016}, month={Oct}}

@article{singlemoleculedna, title={Ten years of tension: single-molecule {DNA} mechanics}, volume={421}, DOI={10.1038/nature01405}, number={6921}, journal={Nature}, author={Bustamante, Carlos and Bryant, Zev and Smith, Steven B.}, year={2003}, pages={423–427}}

@article{optiontsallis, title={Option Pricing Formulas Based on a non-{G}aussian Stock Price Model}, volume={89}, DOI={10.1103/physrevlett.89.098701}, number={9}, journal={Physical Review Letters}, author={Borland, Lisa}, year={2002}, month={Jul}}

@article{latticetsallis, title={Tunable {T}sallis Distributions in Dissipative Optical Lattices}, volume={96}, DOI={10.1103/physrevlett.96.110601}, number={11}, journal={Physical Review Letters}, author={Douglas, P. and Bergamini, S. and Renzoni, F.}, year={2006}}

@article{qreview, title={q-distributions in complex systems: a brief review}, volume={39}, DOI={10.1590/s0103-97332009000400023}, number={2a}, journal={Brazilian Journal of Physics}, author={Jr., S. Picoli and Mendes, R. S. and Malacarne, L. C. and Santos, R. P. B.}, year={2009}, pages={468–474}}

@inproceedings{stein1972,
address = "Berkeley, Calif.",
author = "Stein, Charles",
booktitle = "Proceedings of the Sixth Berkeley Symposium on Mathematical Statistics and Probability, Volume 2: Probability Theory",
pages = "583--602",
publisher = "University of California Press",
title = "A bound for the error in the normal approximation to the distribution of a sum of dependent random variables",
url = "http://projecteuclid.org/euclid.bsmsp/1200514239",
year = "1972"
}
@article{convergenceclt, title={On the Convergence Rate in the Central Limit Theorem for Weakly Dependent Random Variables}, volume={25}, DOI={10.1137/1125092}, number={4}, journal={Theory of Probability 'l\&' Its Applications}, author={Tikhomirov, A. N.}, year={1981}, pages={790–809}}

@book{tsallis_2009, place={New York}, title={Introduction to nonextensive statistical mechanics: approaching a complex world}, publisher={Springer}, author={Tsallis, Constantino}, year={2009}}

@article{whatistsallisq, title={Interpretation of the Nonextensivity Parameterqin Some Applications of {T}sallis Statistics and {L}\'{e}vy Distributions}, volume={84}, DOI={10.1103/physrevlett.84.2770}, number={13}, journal={Physical Review Letters}, author={Wilk, G. and Włodarczyk, Z.}, year={2000}, pages={2770–2773}}

@article{beck_2001, title={Dynamical Foundations of Nonextensive Statistical Mechanics}, volume={87}, DOI={10.1103/physrevlett.87.180601}, number={18}, journal={Physical Review Letters}, author={Beck, Christian}, year={2001}, month={Oct}}

@article{tsalliscritiquethermal, title={Critique of $q$-entropy for thermal statistics}, volume={67}, DOI={10.1103/physreve.67.036114}, number={3}, journal={Physical Review E}, author={Nauenberg, Michael}, year={2003}}

@article{tsalliscritiquedata, title={Nonadditive Entropies Yield Probability Distributions with Biases not Warranted by the Data}, volume={111}, DOI={10.1103/physrevlett.111.180604}, number={18}, journal={Physical Review Letters}, author={Pressé, Steve and Ghosh, Kingshuk and Lee, Julian and Dill, Ken A.}, year={2013}, month={Jan}}

@article{boundedqleq1, title={Bounded Noises in Physics, Biology, and Engineering},author={Alberto d'Onforio}, DOI={10.1007/978-1-4614-7385-5}, journal={Modeling and Simulation in Science, Engineering and Technology}, year={2013}}

@article{methodofmoments, title={Estimation: Method of Moments}, DOI={10.1002/0471667196.ess1618.pub2}, journal={Encyclopedia of Statistical Sciences}, author={Bowman, K. O. and Shenton, L. R.}, year={2006}}

@article{hansen_1982, title={Large Sample Properties of Generalized Method of Moments Estimators}, volume={50}, DOI={10.2307/1912775}, number={4}, journal={Econometrica}, author={Hansen, Lars Peter}, year={1982}, pages={1029}}

@article{gmmshortrev,
  title={Short introduction to the generalized method of moments},
  author={Zsohar, Peter},
  journal={Hungarian Statistical Review},
  volume={16},
  pages={150--170},
  year={2012}
}

@misc{luo2014selecting,
  title={Selecting informative moments via lasso},
  author={Luo, Y and Chernozhukov, V},
  year={2014},
  publisher={November}
}

@article{newey_windmeijer, title={GMM with Many Weak Moment Conditions}, DOI={10.2139/ssrn.871188}, journal={SSRN Electronic Journal}, author={Newey, Whitney K. and Windmeijer, Frank}}

@article{goldberg1998regression,
  title={Regression with input-dependent noise: A Gaussian process treatment},
  author={Goldberg, Paul W and Williams, Christopher KI and Bishop, Christopher M},
  journal={Advances in neural information processing systems},
  pages={493--499},
  year={1998},
  publisher={MORGAN KAUFMANN PUBLISHERS}
}

@article{rasmussen2006gaussian,
  title={Gaussian processes for machine learning},
  author={Rasmussen, Carl Edward},
  year={2006},
  publisher={Citeseer}
}
@misc{bild,
Author = {Jack Fitzsimons and Kurt Cutajar and Michael Osborne and Stephen Roberts and Maurizio Filippone},
Title = {Bayesian Inference of Log Determinants},
Year = {2017},
Eprint = {arXiv:1704.01445},
}

@book{cover2012elements,
  title={Elements of information theory},
  author={Cover, Thomas M and Thomas, Joy A},
  year={2012},
  publisher={John Wiley \& Sons}
}

@misc{diego,
Author = {Diego Granziol and Stephen Roberts},
Title = {An information and field theoretic approach to the grand canonical ensemble},
Year = {2017},
Eprint = {arXiv:1703.10099},
}

@article{fluctuationpriors,
Author = {Ariel Caticha},
Title = {Maximum entropy, fluctuations and priors},
Year = {2000},
Eprint = {arXiv:math-ph/0008017},
Howpublished = {p. 94 in "Maximum Entropy and Bayesian Methods in Science and
  Engineering" ed. by A. Mohammad-Djafari (A.I.P. Vol. 568, 2001)},
Doi = {10.1063/1.1381874},
}

@misc{ete,
Author = {Jack Fitzsimons and Diego Granziol and Kurt Cutajar and Michael Osborne and Maurizio Filippone and Stephen Roberts},
Title = {Entropic Trace Estimates for Log Determinants},
Year = {2017},
Eprint = {arXiv:1704.07223},
}

@inproceedings{stein1972,
address = "Berkeley, Calif.",
author = "Stein, Charles",
booktitle = "Proceedings of the Sixth Berkeley Symposium on Mathematical Statistics and Probability, Volume 2: Probability Theory",
pages = "583--602",
publisher = "University of California Press",
title = "A bound for the error in the normal approximation to the distribution of a sum of dependent random variables",
url = "http://projecteuclid.org/euclid.bsmsp/1200514239",
year = "1972"
}
@article{convergenceclt, title={On the Convergence Rate in the Central Limit Theorem for Weakly Dependent Random Variables}, volume={25}, DOI={10.1137/1125092}, number={4}, journal={Theory of Probability 'l\&' Its Applications}, author={Tikhomirov, A. N.}, year={1981}, pages={790–809}}

@article{jaynes1982rationale,
  title={On the rationale of maximum-entropy methods},
  author={Jaynes, Edwin T},
  journal={Proceedings of the IEEE},
  volume={70},
  number={9},
  pages={939--952},
  year={1982},
  publisher={IEEE}
}
@article{shreve,
  title={Steven Shreve: Stochastic Calculus and Finance},
  author={Chalasani, Prasad and Jha, Somesh},
  journal={Lecture notes, October},
  year={1997}
}
@article{black1973pricing,
  title={The pricing of options and corporate liabilities},
  author={Black, Fischer and Scholes, Myron},
  journal={Journal of political economy},
  volume={81},
  number={3},
  pages={637--654},
  year={1973},
  publisher={The University of Chicago Press}
}
@article{stockpricesstudentt,
  title={A comparison of the stable and student distributions as statistical models for stock prices},
  author={Blattberg, Robert C and Gonedes, Nicholas J},
  journal={The journal of business},
  volume={47},
  number={2},
  pages={244--280},
  year={1974},
  publisher={JSTOR}
}
@inproceedings{de2000skews,
  title={From skews to a skewed-t: Modelling option-implied returns by a skewed student-t},
  author={de Jong, Cyriel and Huisman, Ronald},
  booktitle={Computational Intelligence for Financial Engineering, 2000.(CIFEr) Proceedings of the IEEE/IAFE/INFORMS 2000 Conference on},
  pages={132--142},
  year={2000},
  organization={IEEE}
}
@incollection{mandelbrot1997variation,
  title={The variation of certain speculative prices},
  author={Mandelbrot, Benoit B},
  booktitle={Fractals and Scaling in Finance},
  pages={371--418},
  year={1997},
  publisher={Springer}
}
@article{fama1965tomorrow,
  title={Tomorrow on the New York stock exchange},
  author={Fama, Eugene F},
  journal={The Journal of Business},
  volume={38},
  number={3},
  pages={285--299},
  year={1965},
  publisher={JSTOR}
}
@article{studenttoptionsprice,
Author = {Daniel T. Cassidy and Michael J. Hamp and Rachid Ouyed},
Title = {Pricing European Options with a Log Student's t-Distribution: a Gosset Formula},
Year = {2009},
Eprint = {arXiv:0906.4092},
Doi = {10.1016/j.physa.2010.08.037},
}
@book{billingsley_2012, place={Hoboken, NJ}, title={Probability and measure}, publisher={Wiley}, author={Billingsley, Patrick}, year={2012}} 
@book{boyd_vandenberghe_2009, place={Cambridge}, title={Convex optimization}, publisher={Cambridge University Press}, author={Boyd, Stephen P. and Vandenberghe, Lieven}, year={2009}}

@book{boyd_vandenberghe_2009, place={Cambridge}, title={Convex optimization}, publisher={Cambridge University Press}, author={Boyd, Stephen P. and Vandenberghe, Lieven}, year={2009}}

@article{Gershgorin1931,
  added-at = {2006-03-07T21:19:39.000+0100},
  author = {Semyon Gershgorin},
  journal = {Izvestija {A}kademii {N}auk {SSSR}, {S}erija {M}atematika},
  keywords = {imported},
  number = 3,
  pages = {749--754},
  timestamp = {2006-03-07T21:19:39.000+0100},
  title = {Uber die {A}bgrenzung der {E}igenwerte einer {M}atrix},
  volume = 7,
  year = 1931
}

@misc{Mathematica,
 title = {Mathematica},
 author = {{Wolfram Research Inc.}},
 publihser = {Wolfram Research, Inc.},
 url = {{https://www.wolfram.com/mathematica/}}
}

@article{SymPy2017,
 title = {SymPy: symbolic computing in Python},
 author = {Meurer, Aaron and Smith, Christopher P. and Paprocki, Mateusz and \v{C}ert\'{i}k, Ond\v{r}ej and Kirpichev, Sergey B. and Rocklin, Matthew and Kumar, AMiT and Ivanov, Sergiu and Moore, Jason K. and Singh, Sartaj and Rathnayake, Thilina and Vig, Sean and Granger, Brian E. and Muller, Richard P. and Bonazzi, Francesco and Gupta, Harsh and Vats, Shivam and Johansson, Fredrik and Pedregosa, Fabian and Curry, Matthew J. and Terrel, Andy R. and Rou\v{c}ka, \v{S}t\v{e}p\'{a}n and Saboo, Ashutosh and Fernando, Isuru and Kulal, Sumith and Cimrman, Robert and Scopatz, Anthony},
 year = 2017,
 month = jan,
 keywords = {Python, Computer algebra system, Symbolics},
 volume = 3,
 pages = {e103},
 journal = {PeerJ Computer Science},
 issn = {2376-5992},
 url = {https://doi.org/10.7717/peerj-cs.103},
 doi = {10.7717/peerj-cs.103}
}

@misc{nielsen2002quantum,
  title={Quantum computation and quantum information},
  author={Nielsen, Michael A and Chuang, Isaac},
  year={2002},
  publisher={AAPT}
}

@article{Wainwright2006,
  author    = {Martin J. Wainwright and
               Michael I. Jordan},
  title     = {Log-determinant Relaxation for Approximate Inference in Discrete Markov
               random fields},
  journal   = {{IEEE} Trans. Signal Processing},
  volume    = {54},
  number    = {6-1},
  pages     = {2099--2109},
  year      = {2006},
}

@book{Golub1996,
  author = {Golub, Gene H. and Van Loan, Charles F.},
  day = {15},
  edition = {3rd},
  howpublished = {Paperback},
  isbn = {080185413},
  keywords = {algebra},
  month = oct,
  posted-at = {2006-01-19 08:30:30},
  priority = {2},
  publisher = {The Johns Hopkins University Press},
  title = {{Matrix computations}},
  year = {1996}
}

@misc{Guinness2015,
  Author = {Joseph Guinness and Ilse C. F. Ipsen},
  Title = {{Efficient Computation of Gaussian Likelihoods for Stationary Markov Random Fields}},
  Year = {2015},
  Eprint = {arXiv:1506.00138},
}

@article{zhao2015quantum,
  title={Quantum assisted Gaussian process regression},
  author={Zhao, Zhikuan and Fitzsimons, Jack K and Fitzsimons, Joseph F},
  journal={arXiv preprint arXiv:1512.03929},
  year={2015}
}

@article{bandyopadhyay2005maximum,
  title={Maximum entropy and the problem of moments: A stable algorithm},
  author={Bandyopadhyay, K and Bhattacharya, Arun K and Biswas, Parthapratim and Drabold, DA},
  journal={Physical Review E},
  volume={71},
  number={5},
  pages={057701},
  year={2005},
  publisher={APS}
}

@article{boutsidis2015randomized,
  title={A Randomized Algorithm for Approximating the Log Determinant of a Symmetric Positive Definite Matrix},
  author={Boutsidis, Christos and Drineas, Petros and Kambadur, Prabhanjan and Kontopoulou, Eugenia-Maria and Zouzias, Anastasios},
  journal={arXiv preprint arXiv:1503.00374},
  year={2015}
}

@incollection{mohammad1992matlab,
  title={A Matlab program to calculate the maximum entropy distributions},
  author={Mohammad-Djafari, Ali},
  booktitle={Maximum Entropy and Bayesian Methods},
  pages={221--233},
  year={1992},
  publisher={Springer}
}

@article{Hutchinson1990,
  author = {   M.F.   Hutchinson },
  title = {A {S}tochastic {E}stimator of the {T}race of the {I}nfluence {M}atrix for {L}aplacian {S}moothing {S}plines},
  journal = {Communications in Statistics - Simulation and Computation},
  volume = {19},
  number = {2},
  pages = {433-450},
  year = {1990},
}

@article{Macchi1975,
  Author = {Odile Macchi},
  Title = {The {C}oincidence {A}pproach to {S}tochastic point processes},
  Journal = {Advances in Applied Probability},
  Volume = {7},
  Year = {1975},
  Pages = {83--122},
  Keywords = {Joint counting event, Exclusion probability density, Regular process, Photon process, Gauss-Poisson process}
}

@misc{Leskovec2014,
  author = {Jure Leskovec and Andrej Krevl},
  title = {{SNAP Datasets}: {Stanford} Large Network Dataset Collection},
  howpublished = {\url{http://snap.stanford.edu/data}},
  month = jun,
  year = 2014
}

@article{Davis11,
  title={The {U}niversity of {F}lorida {S}parse {M}atrix {C}ollection},
  author={Davis, Timothy A and Hu, Yifan},
  journal={ACM Transactions on Mathematical Software (TOMS)},
  volume={38},
  number={1},
  pages={1},
  year={2011},
  publisher={ACM}
}

@article{OHagan91,
  author = {O'Hagan, A.},
  citeulike-article-id = {1806509},
  journal = {Journal of Statistical Planning and Inference},
  keywords = {gaussian-process, gaussian-quadrature, numerical-analysis},
  pages = {245--260},
  posted-at = {2007-10-22 14:55:56},
  priority = {2},
  title = {{Bayes-Hermite Quadrature}},
  volume = {29},
  year = {1991}
}

@article{Chen11,
  author = {Chen, J. and Anitescu, M. and Saad, Y.},
  journal = {SIAM Journal on Scientific Computing},
  keywords = {gaussian\_processes},
  number = {1},
  pages = {195--222},
  posted-at = {2014-11-27 21:09:49},
  priority = {2},
  title = {{Computing f(A)b via Least Squares Polynomial Approximations}},
  volume = {33},
  year = {2011}
}

@article{Jaynes1957,
  title = {Information Theory and Statistical Mechanics},
  author = {Jaynes, E. T.},
  journal = {Phys. Rev.},
  volume = {106},
  issue = {4},
  pages = {620--630},
  numpages = {0},
  year = {1957},
  month = {May},
  publisher = {American Physical Society},
  doi = {10.1103/PhysRev.106.620},
  url = {http://link.aps.org/doi/10.1103/PhysRev.106.620}
}

@misc{Caticha2012,
  title={{E}ntropic {I}nference and the {F}oundations of {P}hysics (monograph commissioned by the 11th {B}razilian {M}eeting on {B}ayesian {S}tatistics--{EBEB}-2012},
  author={Caticha, A.},
  year={2012},
  publisher={Sao Paulo: USP Press}
}

@Inbook{Jaynes1967,
  author="Jaynes, Edwin T.",
  editor="Bunge, Mario",
  title="Foundations of {P}robability {T}heory and {S}tatistical {M}echanics",
  bookTitle="Delaware Seminar in the Foundations of Physics",
  year="1967",
  publisher="Springer Berlin Heidelberg",
  address="Berlin, Heidelberg",
  pages="77--101",
  isbn="978-3-642-86102-4",
  doi="10.1007/978-3-642-86102-4_6",
  url="http://dx.doi.org/10.1007/978-3-642-86102-4_6"
}

@Article{Neri2012,
  author="Neri, Cassio
  and Schneider, Lorenz",
  title="Maximum {E}ntropy {D}istributions inferred from {O}ption {P}ortfolios on an {A}sset",
  journal="Finance and Stochastics",
  year="2012",
  volume="16",
  number="2",
  pages="293--318",
  abstract="We obtain the maximum entropy distribution for an asset from call and digital option prices. A rigorous mathematical proof of its existence and exponential form is given, which can also be applied to legitimise a formal derivation by Buchen and Kelly (J. Financ. Quant. Anal. 31:143--159, 1996). We give a simple and robust algorithm for our method and compare our results to theirs. We present numerical results which show that our approach implies very realistic volatility surfaces even when calibrating only to at-the-money options. Finally, we apply our approach to options on the S{\&}P 500 index.",
  issn="1432-1122",
}

@article{Buchen1996,
  title={The {M}aximum {E}ntropy {D}istribution of an {A}sset inferred from {O}ption {P}rices},
  author={Buchen, Peter W and Kelly, Michael},
  journal={Journal of Financial and Quantitative Analysis},
  volume={31},
  number={01},
  pages={143--159},
  year={1996},
  publisher={Cambridge Univ Press}
}

@article{Giffin2016,
  title = "Application of the {M}aximum {R}elative {E}ntropy method to the {P}hysics of {F}erromagnetic {M}aterials",
  journal = "Physica A: Statistical Mechanics and its Applications ",
  volume = "455",
  number = "",
  pages = "11 - 26",
  year = "2016",
  note = "",
  issn = "0378-4371",
  doi = "http://dx.doi.org/10.1016/j.physa.2016.02.069",
  url = "http://www.sciencedirect.com/science/article/pii/S0378437116002478",
  author = "Adom Giffin and Carlo Cafaro and Sean Alan Ali",
  keywords = "Entropy",
  keywords = "Probability theory",
  keywords = "Statistical mechanics of model systems"
}

@article{Shore1980,
  title={Axiomatic {D}erivation of the {P}rinciple of {M}aximum {E}ntropy and the {P}rinciple of {M}inimum {C}ross-{E}ntropy},
  author={Shore, John and Johnson, Rodney},
  journal={IEEE Transactions on information theory},
  volume={26},
  number={1},
  pages={26--37},
  year={1980},
  publisher={IEEE}
}

@Article{Gonzalez2014,
  author="Gonz{\'a}lez, Diego
  and Davis, Sergio
  and Guti{\'e}rrez, Gonzalo",
  title="Newtonian {D}ynamics from the {P}rinciple of {M}aximum {C}aliber",
  journal="Foundations of Physics",
  year="2014",
  volume="44",
  number="9",
  pages="923--931",
  abstract="The foundations of Statistical Mechanics can be recovered almost in their entirety from the principle of maximum entropy. In this work we show that its non-equilibrium generalization, the principle of maximum caliber (Jaynes, Phys Rev 106:620--630, 1957), when applied to the unknown trajectory followed by a particle, leads to Newton's second law under two quite intuitive assumptions (both the expected square displacement in one step and the spatial probability distribution of the particle are known at all times). Our derivation explicitly highlights the role of mass as an emergent measure of the fluctuations in velocity (inertia) and the origin of potential energy as a manifestation of spatial correlations. According to our findings, the application of Newton's equations is not limited to mechanical systems, and therefore could be used in modelling ecological, financial and biological systems, among others.",
  issn="1572-9516",
}

@article{Presse2013,
  title = {Principles of {M}aximum {E}ntropy and {M}aximum {C}aliber in {S}tatistical {P}hysics},
  author = {Press\'e, Steve and Ghosh, Kingshuk and Lee, Julian and Dill, Ken A.},
  journal = {Reviews of Modern Physics},
  volume = {85},
  issue = {3},
  pages = {1115--1141},
  numpages = {0},
  year = {2013},
  month = {Jul},
  publisher = {American Physical Society},
  doi = {10.1103/RevModPhys.85.1115},
  url = {http://link.aps.org/doi/10.1103/RevModPhys.85.1115}
}

@misc{Fitzsimons2017,
  Author = {Jack Fitzsimons and Kurt Cutajar and Michael Osborne and Stephen Roberts and Maurizio Filippone},
  Title = {Bayesian {I}nference of {L}og {D}eterminants},
  Year = {2017},
  Eprint = {arXiv:1704.01445},
}

@article{lindgren2011explicit,
  title={An explicit link between Gaussian fields and Gaussian Markov random fields: the stochastic partial differential equation approach},
  author={Lindgren, Finn and Rue, H{\aa}vard and Lindstr{\"o}m, Johan},
  journal={Journal of the Royal Statistical Society: Series B (Statistical Methodology)},
  volume={73},
  number={4},
  pages={423--498},
  year={2011},
  publisher={Wiley Online Library}
}

@inproceedings{avron2010counting,
  title={Counting triangles in large graphs using randomized matrix trace estimation},
  author={Avron, Haim},
  booktitle={Workshop on Large-scale Data Mining: Theory and Applications},
  volume={10},
  pages={10--9},
  year={2010}
}

@article{atallah2013lower,
  title={A lower-variance randomized algorithm for approximate string matching},
  author={Atallah, Mikhail J and Grigorescu, Elena and Wu, Yi},
  journal={Information Processing Letters},
  volume={113},
  number={18},
  pages={690--692},
  year={2013},
  publisher={Elsevier}
}

@misc{Granziol2017,
  Author = {Diego Granziol and Stephen Roberts},
  Title = {An {I}nformation and {F}ield {T}heoretic approach to the {G}rand {C}anonical {E}nsemble},
  Year = {2017},
  Eprint = {arXiv:1703.10099},
}

@Article{Bai1997,
  author = "Zhaojun Bai and Gene H. Golub",
  title =  "Bounds for the {T}race of the {I}nverse and the {D}eterminant of {S}ymmetric {P}ositive {D}efinite {M}atrices",
  journal = "Annals of Numerical Mathematics",
  volume = "4",
  pages = "29--38",
  year = "1997"
}

@article{Aune2014,
  title={Parameter {E}stimation in {H}igh {D}imensional {G}aussian {D}istributions},
  author={Aune, Erlend and Simpson, Daniel P and Eidsvik, Jo},
  journal={Statistics and Computing},
  volume={24},
  number={2},
  pages={247--263},
  year={2014},
  publisher={Springer}
}

@book{Rasmussen2006,
  author = {Rasmussen, Carl E. and Williams, Christopher},
  booktitle = {Gaussian Processes for Machine Learning},
  keywords = {gp},
  posted-at = {2010-09-23 16:07:47},
  priority = {2},
  publisher = {MIT Press},
  title = {{Gaussian Processes for Machine Learning}},
  year = {2006}
}

@book{MacKay2003,
  author = {Mackay, David J. C.},
  day = {06},
  edition = {First Edition},
  howpublished = {Hardcover},
  isbn = {0521642981},
  keywords = {clustering},
  month = jun,
  posted-at = {2008-04-20 15:12:47},
  priority = {2},
  publisher = {Cambridge University Press},
  title = {{Information Theory, Inference and Learning Algorithms}},
  year = {2003}
}

@article{Anitescu2012,
  author = {Anitescu, M. and Chen, J. and Wang, L.},
  journal = {SIAM Journal on Scientific Computing},
  keywords = {gaussian\_processes},
  number = {1},
  pages = {A240--A262},
  posted-at = {2014-11-27 21:11:49},
  priority = {2},
  title = {{A Matrix-free Approach for Solving the Parametric Gaussian Process Maximum Likelihood Problem}},
  volume = {34},
  year = {2012}
}
    
@article{Stein2013,
  author = {Stein, Michael L. and Chen, Jie and Anitescu, Mihai},
  doi = {10.1214/13-AOAS627},
  journal = {The Annals of Applied Statistics},
  keywords = {gaussian\_processes},
  number = {2},
  pages = {1162--1191},
  posted-at = {2014-11-27 21:06:30},
  priority = {2},
  publisher = {The Institute of Mathematical Statistics},
  title = {{Stochastic {A}pproximation of {S}core functions for Gaussian processes}},
  volume = {7},
  year = {2013}
}

@book{Rue2005,
    address = {London},
    author = {Rue, H\r{a}vard and Held, Leonhard},
    priority = {2},
    publisher = {Chapman \& Hall},
    series = {Monographs on Statistics and Applied Probability},
    title = {Gaussian {M}arkov Random Fields: {T}heory and Applications},
    volume = {104},
    year = {2005}
}
@phdthesis{Saatci2011,
  author = {Saat\c{c}i, Yunus},
  citeulike-article-id = {13494183},
  keywords = {gaussian\_processes},
  posted-at = {2015-01-16 13:48:59},
  priority = {2},
  school = {University of Cambridge},
  title = {{Scalable Inference for Structured Gaussian Process Models}},
  year = {2011}
}

@article{Avron2011,
  author    = {Haim Avron and
               Sivan Toledo},
  title     = {Randomized {A}lgorithms for {E}stimating the {T}race of an {I}mplicit {S}ymmetric {P}ositive {S}emi-definite {M}atrix},
  journal={Journal of the ACM (JACM)},
  volume    = {58},
  number    = {2},
  pages     = {8:1--8:34},
  year      = {2011},
}

@inproceedings{Han2015,
  author = {Han, Insu and Malioutov, Dmitry and Shin, Jinwoo},
  booktitle = {Proceedings of the 32nd International Conference on Machine Learning, {ICML} 2015, Lille, France, 6-11 July 2015},
  editor = {Bach, Francis R. and Blei, David M.},
  keywords = {algebra},
  priority = {2},
  title = {{Large-scale {L}og-{D}eterminant computation through {S}tochastic Chebyshev {E}xpansions}},
  year = {2015}
}

@article{Ubaru2016,
  author = {Ubaru, Shashanka and Chen, Jie and Saad, Yousef},
  citeulike-article-id = {14307269},
  keywords = {algebra},
  posted-at = {2017-03-08 09:41:51},
  priority = {2},
  title = {Fast {E}stimation of tr (F (A)) via {S}tochastic {L}ANCZOS {Q}UADRATURE},
  year = {2016}
}

@article{Boutsidis2015,
  author = {Christos Boutsidis and
               Petros Drineas and
               Prabhanjan Kambadur and
               Anastasios Zouzias},
  title = {A {R}andomized {A}lgorithm for {A}pproximating the {L}og {D}eterminant of a
               {S}ymmetric {P}ositive {D}efinite {M}atrix},
  journal = {CoRR},
  volume = {abs/1503.00374},
  year = {2015},
  timestamp = {Thu, 09 Apr 2015 11:33:20 +0200},
}


@Inbook{brandeis,
  author="Rosenkrantz, R. D.",
  editor="Rosenkrantz, R. D.",
  title="Brandeis Lectures (1963)",
  bookTitle="E. T. Jaynes: Papers on Probability, Statistics and Statistical Physics",
  year="1989",
  publisher="Springer Netherlands",
  address="Dordrecht",
  pages="39--76",
  isbn="978-94-009-6581-2",
  doi="10.1007/978-94-009-6581-2_4",
  url="http://dx.doi.org/10.1007/978-94-009-6581-2_4"
}

@Inbook{wheredowestand,
  author="Rosenkrantz, R. D.",
  editor="Rosenkrantz, R. D.",
  title="Where Do We Stand on Maximum Entropy? (1978)",
  bookTitle="E. T. Jaynes: Papers on Probability, Statistics and Statistical Physics",
  year="1989",
  publisher="Springer Netherlands",
  address="Dordrecht",
  pages="210--314",
  isbn="978-94-009-6581-2",
  doi="10.1007/978-94-009-6581-2_10",
  url="http://dx.doi.org/10.1007/978-94-009-6581-2_10"
}
@misc{jackmub,
Author = {J. K. Fitzsimons and M. A. Osborne and S. J. Roberts and J. F. Fitzsimons},
Title = {Improved stochastic trace estimation using mutually unbiased bases},
Year = {2016},
Eprint = {arXiv:1608.00117},
}
@book{walley_1991, place={London}, title={Statistical reasoning with imprecise probabilities}, publisher={Chapman and Hall}, author={Walley, Peter}, year={1991}}
@Article{Weyl1912,
author="Weyl, Hermann",
title="Das asymptotische Verteilungsgesetz der Eigenwerte linearer partieller Differentialgleichungen (mit einer Anwendung auf die Theorie der Hohlraumstrahlung)",
journal="Mathematische Annalen",
year="1912",
month="Dec",
day="01",
volume="71",
number="4",
pages="441--479",
issn="1432-1807",
doi="10.1007/BF01456804",
url="https://doi.org/10.1007/BF01456804"
}

